<record><leader>00000cas a22000007a 4500</leader><controlfield tag="001">13550517</controlfield><controlfield tag="008">860509d1908196uwiudr ne      0    0eng d</controlfield><datafield ind1=" " ind2=" " tag="010"><subfield code="a">sn 86086206 </subfield></datafield><datafield ind1=" " ind2=" " tag="040"><subfield code="a">NPV</subfield><subfield code="b">eng</subfield><subfield code="c">NPV</subfield><subfield code="d">OCLCQ</subfield></datafield><datafield ind1=" " ind2=" " tag="042"><subfield code="a">msc</subfield></datafield><datafield ind1=" " ind2=" " tag="045"><subfield code="a">w7x6</subfield></datafield><datafield ind1=" " ind2=" " tag="052"><subfield code="a">4123</subfield><subfield code="b">L5</subfield></datafield><datafield ind1="0" ind2="4" tag="245"><subfield code="a">The Merrill daily herald.</subfield></datafield><datafield ind1="1" ind2="3" tag="246"><subfield code="a">Wausau daily herald</subfield></datafield><datafield ind1=" " ind2=" " tag="260"><subfield code="a">Merrill, Wis. :</subfield><subfield code="b">William R. Jaeger,</subfield><subfield code="c">1908-</subfield></datafield><datafield ind1=" " ind2=" " tag="300"><subfield code="a">v.</subfield></datafield><datafield ind1=" " ind2=" " tag="310"><subfield code="a">Daily</subfield></datafield><datafield ind1="0" ind2=" " tag="362"><subfield code="a">First year, no. 1 (May 8, 1908)-</subfield></datafield><datafield ind1=" " ind2=" " tag="752"><subfield code="a">United States</subfield><subfield code="b">Wisconsin</subfield><subfield code="c">Lincoln</subfield><subfield code="d">Merrill.</subfield></datafield></record>